% Encoding: UTF-8

@misc{rfc2119,
  author="S. Bradner",
  title="{Key words for use in RFCs to Indicate Requirement Levels}",
  howpublished="RFC 2119 (Best Current Practice)",
  series="Internet Request for Comments",
  type="RFC",
  number="2119",
  pages="1--3",
  year=1997,
  month=mar,
  issn="2070-1721",
  publisher="RFC Editor",
  institution="RFC Editor",
  organization="RFC Editor",
  address="Fremont, CA, USA",
    note="Updated by RFC 8174",
url="https://www.rfc-editor.org/rfc/rfc2119.txt",
  key="RFC 2119",
  label="RFC\,2119",
  abstract={In many standards track documents several words are used to signify the requirements in the specification.  These words are often capitalized.  This document defines these words as they should be interpreted in IETF documents.  This document specifies an Internet Best Current Practices for the Internet Community, and requests discussion and suggestions for improvements.},
  keywords="Standards, Track, Documents",
  doi="10.17487/RFC2119",
  }

@Misc{rfc2616,
  author       = {R. Fielding and J. Gettys and J. Mogul and H. Frystyk and L. Masinter and P. Leach and T. Berners-Lee},
  title        = {{Hypertext Transfer Protocol -- HTTP/1.1}},
  howpublished = {RFC 2616 (Draft Standard)},
  month        = jun,
  year         = {1999},
  note         = {Obsoleted by RFCs 7230, 7231, 7232, 7233, 7234, 7235, updated by RFCs 2817, 5785, 6266, 6585},
  abstract     = {HTTP has been in use by the World-Wide Web global information initiative since 1990.  This specification defines the protocol referred to as ``HTTP/1.1'', and is an update to RFC 2068. [STANDARDS-TRACK]},
  address      = {Fremont, CA, USA},
  doi          = {10.17487/RFC2616},
  institution  = {RFC Editor},
  issn         = {2070-1721},
  key          = {RFC 2616},
  keywords     = {HTTP, World Wide Web, WWW, hypermedia},
  label        = {RFC\,2616},
  number       = {2616},
  organization = {RFC Editor},
  pages        = {1--176},
  publisher    = {RFC Editor},
  series       = {Internet Request for Comments},
  type         = {RFC},
  url          = {https://www.rfc-editor.org/rfc/rfc2616.txt},
}

@misc{rfc2617,
  author="J. Franks and P. Hallam-Baker and J. Hostetler and S. Lawrence and P. Leach and A. Luotonen and L. Stewart",
  title="{HTTP Authentication: Basic and Digest Access Authentication}",
  howpublished="RFC 2617 (Draft Standard)",
  series="Internet Request for Comments",
  type="RFC",
  number="2617",
  pages="1--34",
  year=1999,
  month=jun,
  issn="2070-1721",
  publisher="RFC Editor",
  institution="RFC Editor",
  organization="RFC Editor",
  address="Fremont, CA, USA",
    note="Obsoleted by RFCs 7235, 7615, 7616, 7617",
url="https://www.rfc-editor.org/rfc/rfc2617.txt",
  key="RFC 2617",
  label="RFC\,2617",
  abstract={This document provides the specification for HTTP's authentication framework, the original Basic authentication scheme and a scheme based on cryptographic hashes, referred to as ``Digest Access Authentication''. [STANDARDS-TRACK]},
  keywords="security, encryption, hypertext, transfer, protocol",
  doi="10.17487/RFC2617",
  }

@Misc{rfc7159,
  author       = {T. Bray},
  title        = {{The JavaScript Object Notation (JSON) Data Interchange Format}},
  howpublished = {RFC 7159 (Proposed Standard)},
  month        = mar,
  year         = {2014},
  abstract     = {JavaScript Object Notation (JSON) is a lightweight, text-based, language-independent data interchange format. It was derived from the ECMAScript Programming Language Standard. JSON defines a small set of formatting rules for the portable representation of structured data. This document removes inconsistencies with other specifications of JSON, repairs specification errors, and offers experience-based interoperability guidance.},
  address      = {Fremont, CA, USA},
  doi          = {10.17487/RFC7159},
  institution  = {RFC Editor},
  issn         = {2070-1721},
  key          = {RFC 7159},
  label        = {RFC\,7159},
  number       = {7159},
  organization = {RFC Editor},
  pages        = {1--16},
  publisher    = {RFC Editor},
  series       = {Internet Request for Comments},
  type         = {RFC},
  url          = {https://www.rfc-editor.org/rfc/rfc7159.txt},
}

@Misc{rfc3022,
  author       = {P. Srisuresh and K. Egevang},
  title        = {{Traditional IP Network Address Translator (Traditional NAT)}},
  howpublished = {RFC 3022 (Informational)},
  month        = jan,
  year         = {2001},
  abstract     = {The NAT operation described in this document extends address translation introduced in RFC 1631 and includes a new type of network address and TCP/UDP port translation.  In addition, this document corrects the Checksum adjustment algorithm published in RFC 1631 and attempts to discuss NAT operation and limitations in detail.  This memo provides information for the Internet community.},
  address      = {Fremont, CA, USA},
  doi          = {10.17487/RFC3022},
  institution  = {RFC Editor},
  issn         = {2070-1721},
  key          = {RFC 3022},
  keywords     = {internet, protocol, ports, private},
  label        = {RFC\,3022},
  number       = {3022},
  organization = {RFC Editor},
  pages        = {1--16},
  publisher    = {RFC Editor},
  series       = {Internet Request for Comments},
  type         = {RFC},
  url          = {https://www.rfc-editor.org/rfc/rfc3022.txt},
}

@Misc{rfc1812,
  author       = {F. Baker},
  title        = {{Requirements for IP Version 4 Routers}},
  howpublished = {RFC 1812 (Proposed Standard)},
  month        = jun,
  year         = {1995},
  note         = {Updated by RFCs 2644, 6633},
  abstract     = {This memo defines and discusses requirements for devices that perform the network layer forwarding function of the Internet protocol suite. [STANDARDS-TRACK]},
  address      = {Fremont, CA, USA},
  doi          = {10.17487/RFC1812},
  institution  = {RFC Editor},
  issn         = {2070-1721},
  key          = {RFC 1812},
  keywords     = {routing, IPv4},
  label        = {RFC\,1812},
  number       = {1812},
  organization = {RFC Editor},
  pages        = {1--175},
  publisher    = {RFC Editor},
  series       = {Internet Request for Comments},
  type         = {RFC},
  url          = {https://www.rfc-editor.org/rfc/rfc1812.txt},
}

@Misc{rfc7027,
  author       = {J. Merkle and M. Lochter},
  title        = {{Elliptic Curve Cryptography (ECC) Brainpool Curves for Transport Layer Security (TLS)}},
  howpublished = {RFC 7027 (Informational)},
  month        = oct,
  year         = {2013},
  abstract     = {This document specifies the use of several Elliptic Curve Cryptography (ECC) Brainpool curves for authentication and key exchange in the Transport Layer Security (TLS) protocol.},
  address      = {Fremont, CA, USA},
  doi          = {10.17487/RFC7027},
  institution  = {RFC Editor},
  issn         = {2070-1721},
  key          = {RFC 7027},
  keywords     = {TLS, Elliptic Curve Cryptography},
  label        = {RFC\,7027},
  number       = {7027},
  organization = {RFC Editor},
  pages        = {1--10},
  publisher    = {RFC Editor},
  series       = {Internet Request for Comments},
  type         = {RFC},
  url          = {https://www.rfc-editor.org/rfc/rfc7027.txt},
}

@Misc{rfc5246,
  author       = {T. Dierks and E. Rescorla},
  title        = {{The Transport Layer Security (TLS) Protocol Version 1.2}},
  howpublished = {RFC 5246 (Proposed Standard)},
  month        = aug,
  year         = {2008},
  note         = {Updated by RFCs 5746, 5878, 6176, 7465, 7507, 7568, 7627, 7685, 7905, 7919},
  abstract     = {This document specifies Version 1.2 of the Transport Layer Security (TLS) protocol.  The TLS protocol provides communications security over the Internet.  The protocol allows client/server applications to communicate in a way that is designed to prevent eavesdropping, tampering, or message forgery. [STANDARDS-TRACK]},
  address      = {Fremont, CA, USA},
  doi          = {10.17487/RFC5246},
  institution  = {RFC Editor},
  issn         = {2070-1721},
  key          = {RFC 5246},
  keywords     = {idea, international data algorithm, symmetric, transport protocol layer, authentication, privacy},
  label        = {RFC\,5246},
  number       = {5246},
  organization = {RFC Editor},
  pages        = {1--104},
  publisher    = {RFC Editor},
  series       = {Internet Request for Comments},
  type         = {RFC},
  url          = {https://www.rfc-editor.org/rfc/rfc5246.txt},
}

@Misc{rfc2782,
  author       = {A. Gulbrandsen and P. Vixie and L. Esibov},
  title        = {{A DNS RR for specifying the location of services (DNS SRV)}},
  howpublished = {RFC 2782 (Proposed Standard)},
  month        = feb,
  year         = {2000},
  note         = {Updated by RFC 6335},
  abstract     = {This document describes a DNS RR which specifies the location of the server(s) for a specific protocol and domain. [STANDARDS-TRACK]},
  address      = {Fremont, CA, USA},
  doi          = {10.17487/RFC2782},
  institution  = {RFC Editor},
  issn         = {2070-1721},
  key          = {RFC 2782},
  keywords     = {DNS-SRV, domain, name, system, resource, record},
  label        = {RFC\,2782},
  number       = {2782},
  organization = {RFC Editor},
  pages        = {1--12},
  publisher    = {RFC Editor},
  series       = {Internet Request for Comments},
  type         = {RFC},
  url          = {https://www.rfc-editor.org/rfc/rfc2782.txt},
}

@Misc{rfc7296,
  author       = {C. Kaufman and P. Hoffman and Y. Nir and P. Eronen and T. Kivinen},
  title        = {{Internet Key Exchange Protocol Version 2 (IKEv2)}},
  howpublished = {RFC 7296 (Internet Standard)},
  month        = oct,
  year         = {2014},
  note         = {Updated by RFCs 7427, 7670},
  abstract     = {This document describes version 2 of the Internet Key Exchange (IKE) protocol.  IKE is a component of IPsec used for performing mutual authentication and establishing and maintaining Security Associations (SAs).  This document obsoletes RFC 5996, and includes all of the errata for it.  It advances IKEv2 to be an Internet Standard.},
  address      = {Fremont, CA, USA},
  doi          = {10.17487/RFC7296},
  institution  = {RFC Editor},
  issn         = {2070-1721},
  key          = {RFC 7296},
  keywords     = {IKE, IPsec},
  label        = {RFC\,7296},
  number       = {7296},
  organization = {RFC Editor},
  pages        = {1--142},
  publisher    = {RFC Editor},
  series       = {Internet Request for Comments},
  type         = {RFC},
  url          = {https://www.rfc-editor.org/rfc/rfc7296.txt},
}

@Misc{rfc3602,
  author       = {S. Frankel and R. Glenn and S. Kelly},
  title        = {{The AES-CBC Cipher Algorithm and Its Use with IPsec}},
  howpublished = {RFC 3602 (Proposed Standard)},
  month        = sep,
  year         = {2003},
  abstract     = {This document describes the use of the Advanced Encryption Standard (AES) Cipher Algorithm in Cipher Block Chaining (CBC) Mode, with an explicit Initialization Vector (IV), as a confidentiality mechanism within the context of the IPsec Encapsulating Security Payload (ESP).},
  address      = {Fremont, CA, USA},
  doi          = {10.17487/RFC3602},
  institution  = {RFC Editor},
  issn         = {2070-1721},
  key          = {RFC 3602},
  keywords     = {ipsec, encapsulating, security, payload},
  label        = {RFC\,3602},
  number       = {3602},
  organization = {RFC Editor},
  pages        = {1--15},
  publisher    = {RFC Editor},
  series       = {Internet Request for Comments},
  type         = {RFC},
  url          = {https://www.rfc-editor.org/rfc/rfc3602.txt},
}

@Misc{rfc2631,
  author       = {E. Rescorla},
  title        = {{Diffie-Hellman Key Agreement Method}},
  howpublished = {RFC 2631 (Proposed Standard)},
  month        = jun,
  year         = {1999},
  abstract     = {This document standardizes one particular Diffie-Hellman variant, based on the ANSI X9.42 draft, developed by the ANSI X9F1 working group. [STANDARDS-TRACK]},
  address      = {Fremont, CA, USA},
  doi          = {10.17487/RFC2631},
  institution  = {RFC Editor},
  issn         = {2070-1721},
  key          = {RFC 2631},
  keywords     = {encryption, management, certificate},
  label        = {RFC\,2631},
  number       = {2631},
  organization = {RFC Editor},
  pages        = {1--13},
  publisher    = {RFC Editor},
  series       = {Internet Request for Comments},
  type         = {RFC},
  url          = {https://www.rfc-editor.org/rfc/rfc2631.txt},
}

@Misc{rfc4301,
  author       = {S. Kent and K. Seo},
  title        = {{Security Architecture for the Internet Protocol}},
  howpublished = {RFC 4301 (Proposed Standard)},
  month        = dec,
  year         = {2005},
  note         = {Updated by RFCs 6040, 7619},
  abstract     = {This document describes an updated version of the ``Security Architecture for IP'', which is designed to provide security services for traffic at the IP layer.  This document obsoletes RFC 2401 (November 1998). [STANDARDS-TRACK]},
  address      = {Fremont, CA, USA},
  doi          = {10.17487/RFC4301},
  institution  = {RFC Editor},
  issn         = {2070-1721},
  key          = {RFC 4301},
  keywords     = {IPSEC, ipsec, authentication, encapsulation, IP, IPv4, IPv6, IP-layer, ip authentication header, ip security, IPsec, confidentiality, authentication integrity, anti-replay, ah, esp, encapsulating security payload, ike, internet key exchange, ikev2, esn, extended sequence number},
  label        = {RFC\,4301},
  number       = {4301},
  organization = {RFC Editor},
  pages        = {1--101},
  publisher    = {RFC Editor},
  series       = {Internet Request for Comments},
  type         = {RFC},
  url          = {https://www.rfc-editor.org/rfc/rfc4301.txt},
}

@Misc{rfc4346,
  author       = {T. Dierks and E. Rescorla},
  title        = {{The Transport Layer Security (TLS) Protocol Version 1.1}},
  howpublished = {RFC 4346 (Proposed Standard)},
  month        = apr,
  year         = {2006},
  note         = {Obsoleted by RFC 5246, updated by RFCs 4366, 4680, 4681, 5746, 6176, 7465, 7507, 7919},
  abstract     = {This document specifies Version 1.1 of the Transport Layer Security (TLS) protocol.  The TLS protocol provides communications security over the Internet.  The protocol allows client/server applications to communicate in a way that is designed to prevent eavesdropping, tampering, or message forgery. [STANDARDS-TRACK]},
  address      = {Fremont, CA, USA},
  doi          = {10.17487/RFC4346},
  institution  = {RFC Editor},
  issn         = {2070-1721},
  key          = {RFC 4346},
  label        = {RFC\,4346},
  number       = {4346},
  organization = {RFC Editor},
  pages        = {1--87},
  publisher    = {RFC Editor},
  series       = {Internet Request for Comments},
  type         = {RFC},
  url          = {https://www.rfc-editor.org/rfc/rfc4346.txt},
}

@Misc{rfc5996,
  author       = {C. Kaufman and P. Hoffman and Y. Nir and P. Eronen},
  title        = {{Internet Key Exchange Protocol Version 2 (IKEv2)}},
  howpublished = {RFC 5996 (Proposed Standard)},
  month        = sep,
  year         = {2010},
  note         = {Obsoleted by RFC 7296, updated by RFCs 5998, 6989},
  abstract     = {This document describes version 2 of the Internet Key Exchange (IKE) protocol.  IKE is a component of IPsec used for performing mutual authentication and establishing and maintaining Security Associations (SAs).  This document replaces and updates RFC 4306, and includes all of the clarifications from RFC 4718. [STANDARDS-TRACK]},
  address      = {Fremont, CA, USA},
  doi          = {10.17487/RFC5996},
  institution  = {RFC Editor},
  issn         = {2070-1721},
  key          = {RFC 5996},
  keywords     = {IKE, IPsec},
  label        = {RFC\,5996},
  number       = {5996},
  organization = {RFC Editor},
  pages        = {1--138},
  publisher    = {RFC Editor},
  series       = {Internet Request for Comments},
  type         = {RFC},
  url          = {https://www.rfc-editor.org/rfc/rfc5996.txt},
}

@Misc{rfc793,
  author       = {J. Postel},
  title        = {{Transmission Control Protocol}},
  howpublished = {RFC 793 (Internet Standard)},
  month        = sep,
  year         = {1981},
  note         = {Updated by RFCs 1122, 3168, 6093, 6528},
  address      = {Fremont, CA, USA},
  doi          = {10.17487/RFC0793},
  institution  = {RFC Editor},
  issn         = {2070-1721},
  key          = {RFC 793},
  keywords     = {TCP, TCP},
  label        = {RFC\,793},
  number       = {793},
  organization = {RFC Editor},
  pages        = {1--91},
  publisher    = {RFC Editor},
  series       = {Internet Request for Comments},
  type         = {RFC},
  url          = {https://www.rfc-editor.org/rfc/rfc793.txt},
}

@Misc{rfc792,
  author       = {J. Postel},
  title        = {{Internet Control Message Protocol}},
  howpublished = {RFC 792 (Internet Standard)},
  month        = sep,
  year         = {1981},
  note         = {Updated by RFCs 950, 4884, 6633, 6918},
  address      = {Fremont, CA, USA},
  doi          = {10.17487/RFC0792},
  institution  = {RFC Editor},
  issn         = {2070-1721},
  key          = {RFC 792},
  keywords     = {ICMP},
  label        = {RFC\,792},
  number       = {792},
  organization = {RFC Editor},
  pages        = {1--21},
  publisher    = {RFC Editor},
  series       = {Internet Request for Comments},
  type         = {RFC},
  url          = {https://www.rfc-editor.org/rfc/rfc792.txt},
}

@Misc{rfc791,
  author       = {J. Postel},
  title        = {{Internet Protocol}},
  howpublished = {RFC 791 (Internet Standard)},
  month        = sep,
  year         = {1981},
  note         = {Updated by RFCs 1349, 2474, 6864},
  address      = {Fremont, CA, USA},
  doi          = {10.17487/RFC0791},
  institution  = {RFC Editor},
  issn         = {2070-1721},
  key          = {RFC 791},
  keywords     = {IP, IPv4},
  label        = {RFC\,791},
  number       = {791},
  organization = {RFC Editor},
  pages        = {1--51},
  publisher    = {RFC Editor},
  series       = {Internet Request for Comments},
  type         = {RFC},
  url          = {https://www.rfc-editor.org/rfc/rfc791.txt},
}

@Misc{rfc4306,
  author       = {C. Kaufman},
  title        = {{Internet Key Exchange (IKEv2) Protocol}},
  howpublished = {RFC 4306 (Proposed Standard)},
  month        = dec,
  year         = {2005},
  note         = {Obsoleted by RFC 5996, updated by RFC 5282},
  abstract     = {This document describes version 2 of the Internet Key Exchange (IKE) protocol. IKE is a component of IPsec used for performing mutual authentication and establishing and maintaining security associations (SAs). This version of the IKE specification combines the contents of what were previously separate documents, including Internet Security Association and Key Management Protocol (ISAKMP, RFC 2408), IKE (RFC 2409), the Internet Domain of Interpretation (DOI, RFC 2407), Network Address Translation (NAT) Traversal, Legacy authentication, and remote address acquisition. Version 2 of IKE does not interoperate with version 1, but it has enough of the header format in common that both versions can unambiguously run over the same UDP port. [STANDARDS-TRACK]},
  address      = {Fremont, CA, USA},
  doi          = {10.17487/RFC4306},
  institution  = {RFC Editor},
  issn         = {2070-1721},
  key          = {RFC 4306},
  keywords     = {ISAKMPSEC, ipsec, internet, protocol, security, association, key, management, ipsec, cryptography, authentication, IKE, oakley, isakmp},
  label        = {RFC\,4306},
  number       = {4306},
  organization = {RFC Editor},
  pages        = {1--99},
  publisher    = {RFC Editor},
  series       = {Internet Request for Comments},
  type         = {RFC},
  url          = {https://www.rfc-editor.org/rfc/rfc4306.txt},
}

@Misc{rfc4492,
  author       = {S. Blake-Wilson and N. Bolyard and V. Gupta and C. Hawk and B. Moeller},
  title        = {{Elliptic Curve Cryptography (ECC) Cipher Suites for Transport Layer Security (TLS)}},
  howpublished = {RFC 4492 (Informational)},
  month        = may,
  year         = {2006},
  note         = {Updated by RFCs 5246, 7027, 7919},
  abstract     = {This document describes new key exchange algorithms based on Elliptic Curve Cryptography (ECC) for the Transport Layer Security (TLS) protocol.  In particular, it specifies the use of Elliptic Curve Diffie-Hellman (ECDH) key agreement in a TLS handshake and the use of Elliptic Curve Digital Signature Algorithm (ECDSA) as a new authentication mechanism.  This memo provides information for the Internet community.},
  address      = {Fremont, CA, USA},
  doi          = {10.17487/RFC4492},
  institution  = {RFC Editor},
  issn         = {2070-1721},
  key          = {RFC 4492},
  keywords     = {ecdh, elliptic curve diffie-hellman, elliptic curve digital signature algorithm, ecdsa},
  label        = {RFC\,4492},
  number       = {4492},
  organization = {RFC Editor},
  pages        = {1--35},
  publisher    = {RFC Editor},
  series       = {Internet Request for Comments},
  type         = {RFC},
  url          = {https://www.rfc-editor.org/rfc/rfc4492.txt},
}

@Misc{rfc2644,
  author       = {D. Senie},
  title        = {{Changing the Default for Directed Broadcasts in Routers}},
  howpublished = {RFC 2644 (Best Current Practice)},
  month        = aug,
  year         = {1999},
  abstract     = {This document discusses and defines a number of tests that may be used to describe the performance characteristics of a network interconnecting device.  In addition to defining the tests this document also describes specific formats for reporting the results of the tests.  This memo provides information for the Internet community.},
  address      = {Fremont, CA, USA},
  doi          = {10.17487/RFC2644},
  institution  = {RFC Editor},
  issn         = {2070-1721},
  key          = {RFC 2644},
  keywords     = {smurf, amplifiers, denial of service},
  label        = {RFC\,2644},
  number       = {2644},
  organization = {RFC Editor},
  pages        = {1--4},
  publisher    = {RFC Editor},
  series       = {Internet Request for Comments},
  type         = {RFC},
  url          = {https://www.rfc-editor.org/rfc/rfc2644.txt},
}

@Misc{rfc1034,
  author       = {P.V. Mockapetris},
  title        = {{Domain names - concepts and facilities}},
  howpublished = {RFC 1034 (Internet Standard)},
  month        = nov,
  year         = {1987},
  note         = {Updated by RFCs 1101, 1183, 1348, 1876, 1982, 2065, 2181, 2308, 2535, 4033, 4034, 4035, 4343, 4035, 4592, 5936, 8020},
  abstract     = {This RFC is the revised basic definition of The Domain Name System.  It obsoletes RFC-882.  This memo describes the domain style names and their used for host address look up and electronic mail forwarding.  It discusses the clients and servers in the domain name system and the protocol used between them.},
  address      = {Fremont, CA, USA},
  doi          = {10.17487/RFC1034},
  institution  = {RFC Editor},
  issn         = {2070-1721},
  key          = {RFC 1034},
  keywords     = {DOMAIN},
  label        = {RFC\,1034},
  number       = {1034},
  organization = {RFC Editor},
  pages        = {1--55},
  publisher    = {RFC Editor},
  series       = {Internet Request for Comments},
  type         = {RFC},
  url          = {https://www.rfc-editor.org/rfc/rfc1034.txt},
}

@Misc{rfc768,
  author       = {J. Postel},
  title        = {{User Datagram Protocol}},
  howpublished = {RFC 768 (Internet Standard)},
  month        = aug,
  year         = {1980},
  address      = {Fremont, CA, USA},
  doi          = {10.17487/RFC0768},
  institution  = {RFC Editor},
  issn         = {2070-1721},
  key          = {RFC 768},
  keywords     = {UDP, UDP},
  label        = {RFC\,768},
  number       = {768},
  organization = {RFC Editor},
  pages        = {1--3},
  publisher    = {RFC Editor},
  series       = {Internet Request for Comments},
  type         = {RFC},
  url          = {https://www.rfc-editor.org/rfc/rfc768.txt},
}

@Misc{rfc6960,
  author       = {S. Santesson and M. Myers and R. Ankney and A. Malpani and S. Galperin and C. Adams},
  title        = {{X.509 Internet Public Key Infrastructure Online Certificate Status Protocol - OCSP}},
  howpublished = {RFC 6960 (Proposed Standard)},
  month        = jun,
  year         = {2013},
  abstract     = {This document specifies a protocol useful in determining the current status of a digital certificate without requiring Certificate Revocation Lists (CRLs).  Additional mechanisms addressing PKIX operational requirements are specified in separate documents.  This document obsoletes RFCs 2560 and 6277.  It also updates RFC 5912.},
  address      = {Fremont, CA, USA},
  doi          = {10.17487/RFC6960},
  institution  = {RFC Editor},
  issn         = {2070-1721},
  key          = {RFC 6960},
  keywords     = {PKIX, digital security, ocsp},
  label        = {RFC\,6960},
  number       = {6960},
  organization = {RFC Editor},
  pages        = {1--41},
  publisher    = {RFC Editor},
  series       = {Internet Request for Comments},
  type         = {RFC},
  url          = {https://www.rfc-editor.org/rfc/rfc6960.txt},
}

@Misc{rfc5905,
  author       = {D. Mills and J. Martin and J. Burbank and W. Kasch},
  title        = {{Network Time Protocol Version 4: Protocol and Algorithms Specification}},
  howpublished = {RFC 5905 (Proposed Standard)},
  month        = jun,
  year         = {2010},
  note         = {Updated by RFC 7822},
  abstract     = {The Network Time Protocol (NTP) is widely used to synchronize computer clocks in the Internet.  This document describes NTP version 4 (NTPv4), which is backwards compatible with NTP version 3 (NTPv3), described in RFC 1305, as well as previous versions of the protocol.  NTPv4 includes a modified protocol header to accommodate the Internet Protocol version 6 address family.  NTPv4 includes fundamental improvements in the mitigation and discipline algorithms that extend the potential accuracy to the tens of microseconds with modern workstations and fast LANs.  It includes a dynamic server discovery scheme, so that in many cases, specific server configuration is not required.  It corrects certain errors in the NTPv3 design and implementation and includes an optional extension mechanism. [STANDARDS-TRACK]},
  address      = {Fremont, CA, USA},
  doi          = {10.17487/RFC5905},
  institution  = {RFC Editor},
  issn         = {2070-1721},
  key          = {RFC 5905},
  keywords     = {NTP, SNTP, Synchronization},
  label        = {RFC\,5905},
  number       = {5905},
  organization = {RFC Editor},
  pages        = {1--110},
  publisher    = {RFC Editor},
  series       = {Internet Request for Comments},
  type         = {RFC},
  url          = {https://www.rfc-editor.org/rfc/rfc5905.txt},
}

@Misc{rfc5751,
  author       = {B. Ramsdell and S. Turner},
  title        = {{Secure/Multipurpose Internet Mail Extensions (S/MIME) Version 3.2 Message Specification}},
  howpublished = {RFC 5751 (Proposed Standard)},
  month        = jan,
  year         = {2010},
  abstract     = {This document defines Secure/Multipurpose Internet Mail Extensions (S/MIME) version 3.2.  S/MIME provides a consistent way to send and receive secure MIME data.  Digital signatures provide authentication, message integrity, and non-repudiation with proof of origin.  Encryption provides data confidentiality.  Compression can be used to reduce data size.  This document obsoletes RFC 3851. [STANDARDS-TRACK]},
  address      = {Fremont, CA, USA},
  doi          = {10.17487/RFC5751},
  institution  = {RFC Editor},
  issn         = {2070-1721},
  key          = {RFC 5751},
  keywords     = {secure, multipurpose, internet, mail, extensions, encryption},
  label        = {RFC\,5751},
  number       = {5751},
  organization = {RFC Editor},
  pages        = {1--45},
  publisher    = {RFC Editor},
  series       = {Internet Request for Comments},
  type         = {RFC},
  url          = {https://www.rfc-editor.org/rfc/rfc5751.txt},
}

@Misc{rfc5652,
  author       = {R. Housley},
  title        = {{Cryptographic Message Syntax (CMS)}},
  howpublished = {RFC 5652 (Internet Standard)},
  month        = sep,
  year         = {2009},
  abstract     = {This document describes the Cryptographic Message Syntax (CMS).  This syntax is used to digitally sign, digest, authenticate, or encrypt arbitrary message content. [STANDARDS-TRACK]},
  address      = {Fremont, CA, USA},
  doi          = {10.17487/RFC5652},
  institution  = {RFC Editor},
  issn         = {2070-1721},
  key          = {RFC 5652},
  keywords     = {digital signature, message content},
  label        = {RFC\,5652},
  number       = {5652},
  organization = {RFC Editor},
  pages        = {1--56},
  publisher    = {RFC Editor},
  series       = {Internet Request for Comments},
  type         = {RFC},
  url          = {https://www.rfc-editor.org/rfc/rfc5652.txt},
}

@Misc{rfc5083,
  author       = {R. Housley},
  title        = {{Cryptographic Message Syntax (CMS) Authenticated-Enveloped-Data Content Type}},
  howpublished = {RFC 5083 (Proposed Standard)},
  month        = nov,
  year         = {2007},
  abstract     = {This document describes an additional content type for the Cryptographic Message Syntax (CMS).  The authenticated-enveloped-data content type is intended for use with authenticated encryption modes.  All of the various key management techniques that are supported in the CMS enveloped-data content type are also supported by the CMS authenticated-enveloped-data content type. [STANDARDS-TRACK]},
  address      = {Fremont, CA, USA},
  doi          = {10.17487/RFC5083},
  institution  = {RFC Editor},
  issn         = {2070-1721},
  key          = {RFC 5083},
  keywords     = {encryption mode},
  label        = {RFC\,5083},
  number       = {5083},
  organization = {RFC Editor},
  pages        = {1--10},
  publisher    = {RFC Editor},
  series       = {Internet Request for Comments},
  type         = {RFC},
  url          = {https://www.rfc-editor.org/rfc/rfc5083.txt},
}

@Misc{rfc4555,
  author       = {P. Eronen},
  title        = {{IKEv2 Mobility and Multihoming Protocol (MOBIKE)}},
  howpublished = {RFC 4555 (Proposed Standard)},
  month        = jun,
  year         = {2006},
  abstract     = {This document describes the MOBIKE protocol, a mobility and multihoming extension to Internet Key Exchange (IKEv2).  MOBIKE allows the IP addresses associated with IKEv2 and tunnel mode IPsec Security Associations to change.  A mobile Virtual Private Network (VPN) client could use MOBIKE to keep the connection with the VPN gateway active while moving from one address to another.  Similarly, a multihomed host could use MOBIKE to move the traffic to a different interface if, for instance, the one currently being used stops working. [STANDARDS-TRACK]},
  address      = {Fremont, CA, USA},
  doi          = {10.17487/RFC4555},
  institution  = {RFC Editor},
  issn         = {2070-1721},
  key          = {RFC 4555},
  keywords     = {internet key exchange, ipsec, internet protocol security, vpn, virtual private networks},
  label        = {RFC\,4555},
  number       = {4555},
  organization = {RFC Editor},
  pages        = {1--33},
  publisher    = {RFC Editor},
  series       = {Internet Request for Comments},
  type         = {RFC},
  url          = {https://www.rfc-editor.org/rfc/rfc4555.txt},
}

@Misc{rfc4511,
  author       = {J. Sermersheim},
  title        = {{Lightweight Directory Access Protocol (LDAP): The Protocol}},
  howpublished = {RFC 4511 (Proposed Standard)},
  month        = jun,
  year         = {2006},
  abstract     = {This document describes the protocol elements, along with their semantics and encodings, of the Lightweight Directory Access Protocol (LDAP).  LDAP provides access to distributed directory services that act in accordance with X.500 data and service models.  These protocol elements are based on those described in the X.500 Directory Access Protocol (DAP). [STANDARDS-TRACK]},
  address      = {Fremont, CA, USA},
  doi          = {10.17487/RFC4511},
  institution  = {RFC Editor},
  issn         = {2070-1721},
  key          = {RFC 4511},
  keywords     = {LDAP, TLS, LDAPv3, LDAv3, x.500},
  label        = {RFC\,4511},
  number       = {4511},
  organization = {RFC Editor},
  pages        = {1--68},
  publisher    = {RFC Editor},
  series       = {Internet Request for Comments},
  type         = {RFC},
  url          = {https://www.rfc-editor.org/rfc/rfc4511.txt},
}

@Misc{rfc3927,
  author       = {S. Cheshire and B. Aboba and E. Guttman},
  title        = {{Dynamic Configuration of IPv4 Link-Local Addresses}},
  howpublished = {RFC 3927 (Proposed Standard)},
  month        = may,
  year         = {2005},
  abstract     = {To participate in wide-area IP networking, a host needs to be configured with IP addresses for its interfaces, either manually by the user or automatically from a source on the network such as a Dynamic Host Configuration Protocol (DHCP) server. Unfortunately, such address configuration information may not always be available. It is therefore beneficial for a host to be able to depend on a useful subset of IP networking functions even when no address configuration is available. This document describes how a host may automatically configure an interface with an IPv4 address within the 169.254/16 prefix that is valid for communication with other devices connected to the same physical (or logical) link. IPv4 Link-Local addresses are not suitable for communication with devices not directly connected to the same physical (or logical) link, and are only used where stable, routable addresses are not available (such as on ad hoc or isolated networks). This document does not recommend that IPv4 Link-Local addresses and routable addresses be configured simultaneously on the same interface. [STANDARDS-TRACK]},
  address      = {Fremont, CA, USA},
  doi          = {10.17487/RFC3927},
  institution  = {RFC Editor},
  issn         = {2070-1721},
  key          = {RFC 3927},
  keywords     = {ip network, ip address, 169.254/16},
  label        = {RFC\,3927},
  number       = {3927},
  organization = {RFC Editor},
  pages        = {1--33},
  publisher    = {RFC Editor},
  series       = {Internet Request for Comments},
  type         = {RFC},
  url          = {https://www.rfc-editor.org/rfc/rfc3927.txt},
}

@Misc{rfc4303,
  author       = {S. Kent},
  title        = {{IP Encapsulating Security Payload (ESP)}},
  howpublished = {RFC 4303 (Proposed Standard)},
  month        = dec,
  year         = {2005},
  abstract     = {This document describes an updated version of the Encapsulating Security Payload (ESP) protocol, which is designed to provide a mix of security services in IPv4 and IPv6.  ESP is used to provide confidentiality, data origin authentication, connectionless integrity, an anti-replay service (a form of partial sequence integrity), and limited traffic flow confidentiality.  This document obsoletes RFC 2406 (November 1998). [STANDARDS-TRACK]},
  address      = {Fremont, CA, USA},
  doi          = {10.17487/RFC4303},
  institution  = {RFC Editor},
  issn         = {2070-1721},
  key          = {RFC 4303},
  keywords     = {ESP, ipsec, internet, protocol, encapsulating, security, ipv4, ipv6, ip security, confidentiality, authentication, integrity, anti-replay, ah, ip authentication header, ike, internet key exchange, ikev2, esn, extended sequence number},
  label        = {RFC\,4303},
  number       = {4303},
  organization = {RFC Editor},
  pages        = {1--44},
  publisher    = {RFC Editor},
  series       = {Internet Request for Comments},
  type         = {RFC},
  url          = {https://www.rfc-editor.org/rfc/rfc4303.txt},
}

@Misc{rfc3828,
  author       = {L-A. Larzon and M. Degermark and S. Pink and L-E. Jonsson and G. Fairhurst},
  title        = {{The Lightweight User Datagram Protocol (UDP-Lite)}},
  howpublished = {RFC 3828 (Proposed Standard)},
  month        = jul,
  year         = {2004},
  note         = {Updated by RFC 6335},
  abstract     = {This document describes the Lightweight User Datagram Protocol (UDP-Lite), which is similar to the User Datagram Protocol (UDP) (RFC 768), but can also serve applications in error-prone network environments that prefer to have partially damaged payloads delivered rather than discarded.  If this feature is not used, UDP-Lite is semantically identical to UDP. [STANDARDS-TRACK]},
  address      = {Fremont, CA, USA},
  doi          = {10.17487/RFC3828},
  institution  = {RFC Editor},
  issn         = {2070-1721},
  key          = {RFC 3828},
  label        = {RFC\,3828},
  number       = {3828},
  organization = {RFC Editor},
  pages        = {1--12},
  publisher    = {RFC Editor},
  series       = {Internet Request for Comments},
  type         = {RFC},
  url          = {https://www.rfc-editor.org/rfc/rfc3828.txt},
}

@Misc{rfc2451,
  author       = {R. Pereira and R. Adams},
  title        = {{The ESP CBC-Mode Cipher Algorithms}},
  howpublished = {RFC 2451 (Proposed Standard)},
  month        = nov,
  year         = {1998},
  abstract     = {This document describes how to use CBC-mode cipher algorithms with the IPSec ESP (Encapsulating Security Payload) Protocol.  It not only clearly states how to use certain cipher algorithms, but also how to use all CBC-mode cipher algorithms. [STANDARDS-TRACK]},
  address      = {Fremont, CA, USA},
  doi          = {10.17487/RFC2451},
  institution  = {RFC Editor},
  issn         = {2070-1721},
  key          = {RFC 2451},
  keywords     = {ipsec, encapsulating, security, payload},
  label        = {RFC\,2451},
  number       = {2451},
  organization = {RFC Editor},
  pages        = {1--14},
  publisher    = {RFC Editor},
  series       = {Internet Request for Comments},
  type         = {RFC},
  url          = {https://www.rfc-editor.org/rfc/rfc2451.txt},
}

@Misc{rfc2104,
  author       = {H. Krawczyk and M. Bellare and R. Canetti},
  title        = {{HMAC: Keyed-Hashing for Message Authentication}},
  howpublished = {RFC 2104 (Informational)},
  month        = feb,
  year         = {1997},
  note         = {Updated by RFC 6151},
  abstract     = {This document describes HMAC, a mechanism for message authentication using cryptographic hash functions.  HMAC can be used with any iterative cryptographic hash function, e.g., MD5, SHA-1, in combination with a secret shared key.  The cryptographic strength of HMAC depends on the properties of the underlying hash function.  This memo provides information for the Internet community.  This memo does not specify an Internet standard of any kind},
  address      = {Fremont, CA, USA},
  doi          = {10.17487/RFC2104},
  institution  = {RFC Editor},
  issn         = {2070-1721},
  key          = {RFC 2104},
  keywords     = {ipsec, Message, Digest, Internet, Protocol, Security, encryption},
  label        = {RFC\,2104},
  number       = {2104},
  organization = {RFC Editor},
  pages        = {1--11},
  publisher    = {RFC Editor},
  series       = {Internet Request for Comments},
  type         = {RFC},
  url          = {https://www.rfc-editor.org/rfc/rfc2104.txt},
}

@Misc{rfc2047,
  author       = {K. Moore},
  title        = {{MIME (Multipurpose Internet Mail Extensions) Part Three: Message Header Extensions for Non-ASCII Text}},
  howpublished = {RFC 2047 (Draft Standard)},
  month        = nov,
  year         = {1996},
  note         = {Updated by RFCs 2184, 2231},
  abstract     = {This particular document is the third document in the series.  It describes extensions to RFC 822 to allow non-US-ASCII text data in Internet mail header fields. [STANDARDS-TRACK]},
  address      = {Fremont, CA, USA},
  doi          = {10.17487/RFC2047},
  institution  = {RFC Editor},
  issn         = {2070-1721},
  key          = {RFC 2047},
  keywords     = {MIME-MSG, media, type},
  label        = {RFC\,2047},
  number       = {2047},
  organization = {RFC Editor},
  pages        = {1--15},
  publisher    = {RFC Editor},
  series       = {Internet Request for Comments},
  type         = {RFC},
  url          = {https://www.rfc-editor.org/rfc/rfc2047.txt},
}

@Misc{rfc2049,
  author       = {N. Freed and N. Borenstein},
  title        = {{Multipurpose Internet Mail Extensions (MIME) Part Five: Conformance Criteria and Examples}},
  howpublished = {RFC 2049 (Draft Standard)},
  month        = nov,
  year         = {1996},
  abstract     = {This set of documents, collectively called the Multipurpose Internet Mail Extensions, or MIME, redefines the format of messages.  This fifth and final document describes MIME conformance criteria as well as providing some illustrative examples of MIME message formats, acknowledgements, and the bibliography. [STANDARDS-TRACK]},
  address      = {Fremont, CA, USA},
  doi          = {10.17487/RFC2049},
  institution  = {RFC Editor},
  issn         = {2070-1721},
  key          = {RFC 2049},
  keywords     = {MIME-CONF, media, type, message, formats},
  label        = {RFC\,2049},
  number       = {2049},
  organization = {RFC Editor},
  pages        = {1--24},
  publisher    = {RFC Editor},
  series       = {Internet Request for Comments},
  type         = {RFC},
  url          = {https://www.rfc-editor.org/rfc/rfc2049.txt},
}

@Misc{rfc2048,
  author       = {N. Freed and J. Klensin and J. Postel},
  title        = {{Multipurpose Internet Mail Extensions (MIME) Part Four: Registration Procedures}},
  howpublished = {RFC 2048 (Best Current Practice)},
  month        = nov,
  year         = {1996},
  note         = {Obsoleted by RFCs 4288, 4289, updated by RFC 3023},
  abstract     = {This set of documents, collectively called the Multipurpose Internet Mail Extensions, or MIME, redefines the format of messages.  This fourth document, RFC 2048, specifies various IANA registration procedures for some MIME facilities.  This document specifies an Internet Best Current Practices for the Internet Community, and requests discussion and suggestions for improvements.},
  address      = {Fremont, CA, USA},
  doi          = {10.17487/RFC2048},
  institution  = {RFC Editor},
  issn         = {2070-1721},
  key          = {RFC 2048},
  keywords     = {media, types, external, body, access, content-transfer-encodings},
  label        = {RFC\,2048},
  number       = {2048},
  organization = {RFC Editor},
  pages        = {1--21},
  publisher    = {RFC Editor},
  series       = {Internet Request for Comments},
  type         = {RFC},
  url          = {https://www.rfc-editor.org/rfc/rfc2048.txt},
}

@Misc{rfc2045,
  author       = {N. Freed and N. Borenstein},
  title        = {{Multipurpose Internet Mail Extensions (MIME) Part One: Format of Internet Message Bodies}},
  howpublished = {RFC 2045 (Draft Standard)},
  month        = nov,
  year         = {1996},
  note         = {Updated by RFCs 2184, 2231, 5335, 6532},
  abstract     = {This initial document specifies the various headers used to describe the structure of MIME messages. [STANDARDS-TRACK]},
  address      = {Fremont, CA, USA},
  doi          = {10.17487/RFC2045},
  institution  = {RFC Editor},
  issn         = {2070-1721},
  key          = {RFC 2045},
  keywords     = {MIME, media, types, headers},
  label        = {RFC\,2045},
  number       = {2045},
  organization = {RFC Editor},
  pages        = {1--31},
  publisher    = {RFC Editor},
  series       = {Internet Request for Comments},
  type         = {RFC},
  url          = {https://www.rfc-editor.org/rfc/rfc2045.txt},
}

@Misc{rfc2046,
  author       = {N. Freed and N. Borenstein},
  title        = {{Multipurpose Internet Mail Extensions (MIME) Part Two: Media Types}},
  howpublished = {RFC 2046 (Draft Standard)},
  month        = nov,
  year         = {1996},
  note         = {Updated by RFCs 2646, 3798, 5147, 6657, 8098},
  abstract     = {This second document defines the general structure of the MIME media typing system and defines an initial set of media types. [STANDARDS-TRACK]},
  address      = {Fremont, CA, USA},
  doi          = {10.17487/RFC2046},
  institution  = {RFC Editor},
  issn         = {2070-1721},
  key          = {RFC 2046},
  keywords     = {MIME-MEDIA, headers, structure},
  label        = {RFC\,2046},
  number       = {2046},
  organization = {RFC Editor},
  pages        = {1--44},
  publisher    = {RFC Editor},
  series       = {Internet Request for Comments},
  type         = {RFC},
  url          = {https://www.rfc-editor.org/rfc/rfc2046.txt},
}

@Misc{rfc1035,
  author       = {P.V. Mockapetris},
  title        = {{Domain names - implementation and specification}},
  howpublished = {RFC 1035 (Internet Standard)},
  month        = nov,
  year         = {1987},
  note         = {Updated by RFCs 1101, 1183, 1348, 1876, 1982, 1995, 1996, 2065, 2136, 2181, 2137, 2308, 2535, 2673, 2845, 3425, 3658, 4033, 4034, 4035, 4343, 5936, 5966, 6604, 7766},
  abstract     = {This RFC is the revised specification of the protocol and format used in the implementation of the Domain Name System.  It obsoletes RFC-883.  This memo documents the details of the domain name client - server communication.},
  address      = {Fremont, CA, USA},
  doi          = {10.17487/RFC1035},
  institution  = {RFC Editor},
  issn         = {2070-1721},
  key          = {RFC 1035},
  keywords     = {DOMAIN, DNS},
  label        = {RFC\,1035},
  number       = {1035},
  organization = {RFC Editor},
  pages        = {1--55},
  publisher    = {RFC Editor},
  series       = {Internet Request for Comments},
  type         = {RFC},
  url          = {https://www.rfc-editor.org/rfc/rfc1035.txt},
}

@Misc{rfc7292,
  author       = {K. Moriarty and M. Nystrom and S. Parkinson and A. Rusch and M. Scott},
  title        = {{PKCS \#12: Personal Information Exchange Syntax v1.1}},
  howpublished = {RFC 7292 (Informational)},
  month        = jul,
  year         = {2014},
  abstract     = {PKCS \#12 v1.1 describes a transfer syntax for personal identity information, including private keys, certificates, miscellaneous secrets, and extensions. Machines, applications, browsers, Internet kiosks, and so on, that support this standard will allow a user to import, export, and exercise a single set of personal identity information. This standard supports direct transfer of personal information under several privacy and integrity modes. This document represents a republication of PKCS \#12 v1.1 from RSA Laboratories' Public Key Cryptography Standard (PKCS) series. By publishing this RFC, change control is transferred to the IETF.},
  address      = {Fremont, CA, USA},
  doi          = {10.17487/RFC7292},
  institution  = {RFC Editor},
  issn         = {2070-1721},
  key          = {RFC 7292},
  keywords     = {PKCS\#12, PKCS12v1.1, PKCS\#12v1.1},
  label        = {RFC\,7292},
  number       = {7292},
  organization = {RFC Editor},
  pages        = {1--29},
  publisher    = {RFC Editor},
  series       = {Internet Request for Comments},
  type         = {RFC},
  url          = {https://www.rfc-editor.org/rfc/rfc7292.txt},
}

@Misc{rfc5639,
  author       = {M. Lochter and J. Merkle},
  title        = {{Elliptic Curve Cryptography (ECC) Brainpool Standard Curves and Curve Generation}},
  howpublished = {RFC 5639 (Informational)},
  month        = mar,
  year         = {2010},
  abstract     = {This memo proposes several elliptic curve domain parameters over finite prime fields for use in cryptographic applications.  The domain parameters are consistent with the relevant international standards, and can be used in X.509 certificates and certificate revocation lists (CRLs), for Internet Key Exchange (IKE), Transport Layer Security (TLS), XML signatures, and all applications or protocols based on the cryptographic message syntax (CMS).  This document is not an Internet Standards Track specification; it is published for informational purposes.},
  address      = {Fremont, CA, USA},
  doi          = {10.17487/RFC5639},
  institution  = {RFC Editor},
  issn         = {2070-1721},
  key          = {RFC 5639},
  label        = {RFC\,5639},
  number       = {5639},
  organization = {RFC Editor},
  pages        = {1--27},
  publisher    = {RFC Editor},
  series       = {Internet Request for Comments},
  type         = {RFC},
  url          = {https://www.rfc-editor.org/rfc/rfc5639.txt},
}

@Misc{rfc5746,
  author       = {E. Rescorla and M. Ray and S. Dispensa and N. Oskov},
  title        = {{Transport Layer Security (TLS) Renegotiation Indication Extension}},
  howpublished = {RFC 5746 (Proposed Standard)},
  month        = feb,
  year         = {2010},
  abstract     = {Secure Socket Layer (SSL) and Transport Layer Security (TLS) renegotiation are vulnerable to an attack in which the attacker forms a TLS connection with the target server, injects content of his choice, and then splices in a new TLS connection from a client.  The server treats the client's initial TLS handshake as a renegotiation and thus believes that the initial data transmitted by the attacker is from the same entity as the subsequent client data.  This specification defines a TLS extension to cryptographically tie renegotiations to the TLS connections they are being performed over, thus preventing this attack. [STANDARDS-TRACK]},
  address      = {Fremont, CA, USA},
  doi          = {10.17487/RFC5746},
  institution  = {RFC Editor},
  issn         = {2070-1721},
  key          = {RFC 5746},
  keywords     = {ssl, secure socket layer},
  label        = {RFC\,5746},
  number       = {5746},
  organization = {RFC Editor},
  pages        = {1--15},
  publisher    = {RFC Editor},
  series       = {Internet Request for Comments},
  type         = {RFC},
  url          = {https://www.rfc-editor.org/rfc/rfc5746.txt},
}

@Misc{rfc5280,
  author       = {D. Cooper and S. Santesson and S. Farrell and S. Boeyen and R. Housley and W. Polk},
  title        = {{Internet X.509 Public Key Infrastructure Certificate and Certificate Revocation List (CRL) Profile}},
  howpublished = {RFC 5280 (Proposed Standard)},
  month        = may,
  year         = {2008},
  note         = {Updated by RFC 6818},
  abstract     = {This memo profiles the X.509 v3 certificate and X.509 v2 certificate revocation list (CRL) for use in the Internet.  An overview of this approach and model is provided as an introduction.  The X.509 v3 certificate format is described in detail, with additional information regarding the format and semantics of Internet name forms.  Standard certificate extensions are described and two Internet-specific extensions are defined.  A set of required certificate extensions is specified.  The X.509 v2 CRL format is described in detail along with standard and Internet-specific extensions.  An algorithm for X.509 certification path validation is described.  An ASN.1 module and examples are provided in the appendices. [STANDARDS-TRACK]},
  address      = {Fremont, CA, USA},
  doi          = {10.17487/RFC5280},
  institution  = {RFC Editor},
  issn         = {2070-1721},
  key          = {RFC 5280},
  keywords     = {X.509 v3, X.509 v2, certificate extensions},
  label        = {RFC\,5280},
  number       = {5280},
  organization = {RFC Editor},
  pages        = {1--151},
  publisher    = {RFC Editor},
  series       = {Internet Request for Comments},
  type         = {RFC},
  url          = {https://www.rfc-editor.org/rfc/rfc5280.txt},
}

@Misc{rfc4868,
  author       = {S. Kelly and S. Frankel},
  title        = {{Using HMAC-SHA-256, HMAC-SHA-384, and HMAC-SHA-512 with IPsec}},
  howpublished = {RFC 4868 (Proposed Standard)},
  month        = may,
  year         = {2007},
  abstract     = {This specification describes the use of Hashed Message Authentication Mode (HMAC) in conjunction with the SHA-256, SHA-384, and SHA-512 algorithms in IPsec.  These algorithms may be used as the basis for data origin authentication and integrity verification mechanisms for the Authentication Header (AH), Encapsulating Security Payload (ESP), Internet Key Exchange Protocol (IKE), and IKEv2 protocols, and also as Pseudo-Random Functions (PRFs) for IKE and IKEv2.  Truncated output lengths are specified for the authentication-related variants, with the corresponding algorithms designated as HMAC-SHA-256-128, HMAC-SHA-384-192, and HMAC-SHA-512-256.  The PRF variants are not truncated, and are called PRF-HMAC-SHA-256, PRF-HMAC-SHA-384, and PRF-HMAC-SHA-512. [STANDARDS-TRACK]},
  address      = {Fremont, CA, USA},
  doi          = {10.17487/RFC4868},
  institution  = {RFC Editor},
  issn         = {2070-1721},
  key          = {RFC 4868},
  keywords     = {hashed authentication mode, data authentication, integrity verification},
  label        = {RFC\,4868},
  number       = {4868},
  organization = {RFC Editor},
  pages        = {1--21},
  publisher    = {RFC Editor},
  series       = {Internet Request for Comments},
  type         = {RFC},
  url          = {https://www.rfc-editor.org/rfc/rfc4868.txt},
}

@Misc{rfc4055,
  author       = {J. Schaad and B. Kaliski and R. Housley},
  title        = {{Additional Algorithms and Identifiers for RSA Cryptography for use in the Internet X.509 Public Key Infrastructure Certificate and Certificate Revocation List (CRL) Profile}},
  howpublished = {RFC 4055 (Proposed Standard)},
  month        = jun,
  year         = {2005},
  note         = {Updated by RFC 5756},
  abstract     = {This document supplements RFC 3279.  It describes the conventions for using the RSA Probabilistic Signature Scheme (RSASSA-PSS) signature algorithm, the RSA Encryption Scheme - Optimal Asymmetric Encryption Padding (RSAES-OAEP) key transport algorithm and additional one-way hash functions with the Public-Key Cryptography Standards (PKCS) \#1 version 1.5 signature algorithm in the Internet X.509 Public Key Infrastructure (PKI).  Encoding formats, algorithm identifiers, and parameter formats are specified. [STANDARDS-TRACK]},
  address      = {Fremont, CA, USA},
  doi          = {10.17487/RFC4055},
  institution  = {RFC Editor},
  issn         = {2070-1721},
  key          = {RFC 4055},
  keywords     = {ASN.1, RSASSA-PSS, RSA probabilistic signature scheme, signature algorithm, RSAES-OAEP, RSA encryption scheme optimal asymmetric encryption padding, public-key cryptography standards, PKCS, pki},
  label        = {RFC\,4055},
  number       = {4055},
  organization = {RFC Editor},
  pages        = {1--25},
  publisher    = {RFC Editor},
  series       = {Internet Request for Comments},
  type         = {RFC},
  url          = {https://www.rfc-editor.org/rfc/rfc4055.txt},
}

@Misc{rfc3526,
  author       = {T. Kivinen and M. Kojo},
  title        = {{More Modular Exponential (MODP) Diffie-Hellman groups for Internet Key Exchange (IKE)}},
  howpublished = {RFC 3526 (Proposed Standard)},
  month        = may,
  year         = {2003},
  abstract     = {This document defines new Modular Exponential (MODP) Groups for the Internet Key Exchange (IKE) protocol.  It documents the well known and used 1536 bit group 5, and also defines new 2048, 3072, 4096, 6144, and 8192 bit Diffie-Hellman groups numbered starting at 14.  The selection of the primes for theses groups follows the criteria established by Richard Schroeppel. [STANDARDS-TRACK]},
  address      = {Fremont, CA, USA},
  doi          = {10.17487/RFC3526},
  institution  = {RFC Editor},
  issn         = {2070-1721},
  key          = {RFC 3526},
  keywords     = {bit groups},
  label        = {RFC\,3526},
  number       = {3526},
  organization = {RFC Editor},
  pages        = {1--10},
  publisher    = {RFC Editor},
  series       = {Internet Request for Comments},
  type         = {RFC},
  url          = {https://www.rfc-editor.org/rfc/rfc3526.txt},
}

@Misc{rfc3447,
  author       = {J. Jonsson and B. Kaliski},
  title        = {{Public-Key Cryptography Standards (PKCS) \#1: RSA Cryptography Specifications Version 2.1}},
  howpublished = {RFC 3447 (Informational)},
  month        = feb,
  year         = {2003},
  note         = {Obsoleted by RFC 8017},
  abstract     = {This memo represents a republication of PKCS \#1 v2.1 from RSA Laboratories' Public-Key Cryptography Standards (PKCS) series, and change control is retained within the PKCS process.  The body of this document is taken directly from the PKCS \#1 v2.1 document, with certain corrections made during the publication process.  This memo provides information for the Internet community.},
  address      = {Fremont, CA, USA},
  doi          = {10.17487/RFC3447},
  institution  = {RFC Editor},
  issn         = {2070-1721},
  key          = {RFC 3447},
  keywords     = {data, public, key, cryptosystem},
  label        = {RFC\,3447},
  number       = {3447},
  organization = {RFC Editor},
  pages        = {1--72},
  publisher    = {RFC Editor},
  series       = {Internet Request for Comments},
  type         = {RFC},
  url          = {https://www.rfc-editor.org/rfc/rfc3447.txt},
}

@Misc{rfc2404,
  author       = {C. Madson and R. Glenn},
  title        = {{The Use of HMAC-SHA-1-96 within ESP and AH}},
  howpublished = {RFC 2404 (Proposed Standard)},
  month        = nov,
  year         = {1998},
  abstract     = {This memo describes the use of the HMAC algorithm in conjunction with the SHA-1 algorithm as an authentication mechanism within the revised IPSEC Encapsulating Security Payload and the revised IPSEC Authentication Header. [STANDARDS-TRACK]},
  address      = {Fremont, CA, USA},
  doi          = {10.17487/RFC2404},
  institution  = {RFC Editor},
  issn         = {2070-1721},
  key          = {RFC 2404},
  keywords     = {ipsec, authentication, mechanism, header, security, architecture, payload},
  label        = {RFC\,2404},
  number       = {2404},
  organization = {RFC Editor},
  pages        = {1--7},
  publisher    = {RFC Editor},
  series       = {Internet Request for Comments},
  type         = {RFC},
  url          = {https://www.rfc-editor.org/rfc/rfc2404.txt},
}

@Misc{rfc2132,
  author       = {S. Alexander and R. Droms},
  title        = {{DHCP Options and BOOTP Vendor Extensions}},
  howpublished = {RFC 2132 (Draft Standard)},
  month        = mar,
  year         = {1997},
  note         = {Updated by RFCs 3442, 3942, 4361, 4833, 5494},
  abstract     = {This document specifies the current set of DHCP options.  Future options will be specified in separate RFCs.  The current list of valid options is also available in ftp://ftp.isi.edu/in-notes/iana/assignments. [STANDARDS-TRACK]},
  address      = {Fremont, CA, USA},
  doi          = {10.17487/RFC2132},
  institution  = {RFC Editor},
  issn         = {2070-1721},
  key          = {RFC 2132},
  keywords     = {DHCP-BOOTP, Dynamic, Host, Configuration, Protocol, Bootstrap},
  label        = {RFC\,2132},
  number       = {2132},
  organization = {RFC Editor},
  pages        = {1--34},
  publisher    = {RFC Editor},
  series       = {Internet Request for Comments},
  type         = {RFC},
  url          = {https://www.rfc-editor.org/rfc/rfc2132.txt},
}

@Misc{rfc2131,
  author       = {R. Droms},
  title        = {{Dynamic Host Configuration Protocol}},
  howpublished = {RFC 2131 (Draft Standard)},
  month        = mar,
  year         = {1997},
  note         = {Updated by RFCs 3396, 4361, 5494, 6842},
  abstract     = {The Dynamic Host Configuration Protocol (DHCP) provides a framework for passing configuration information to hosts on a TCPIP network.  DHCP is based on the Bootstrap Protocol (BOOTP), adding the capability of automatic allocation of reusable network addresses and additional configuration options. [STANDARDS-TRACK]},
  address      = {Fremont, CA, USA},
  doi          = {10.17487/RFC2131},
  institution  = {RFC Editor},
  issn         = {2070-1721},
  key          = {RFC 2131},
  keywords     = {DHCP, DHCPv4},
  label        = {RFC\,2131},
  number       = {2131},
  organization = {RFC Editor},
  pages        = {1--45},
  publisher    = {RFC Editor},
  series       = {Internet Request for Comments},
  type         = {RFC},
  url          = {https://www.rfc-editor.org/rfc/rfc2131.txt},
}

@Misc{rfc4035,
  author       = {R. Arends and R. Austein and M. Larson and D. Massey and S. Rose},
  title        = {{Protocol Modifications for the DNS Security Extensions}},
  howpublished = {RFC 4035 (Proposed Standard)},
  month        = mar,
  year         = {2005},
  note         = {Updated by RFCs 4470, 6014, 6840},
  abstract     = {This document is part of a family of documents that describe the DNS Security Extensions (DNSSEC). The DNS Security Extensions are a collection of new resource records and protocol modifications that add data origin authentication and data integrity to the DNS. This document describes the DNSSEC protocol modifications. This document defines the concept of a signed zone, along with the requirements for serving and resolving by using DNSSEC. These techniques allow a security-aware resolver to authenticate both DNS resource records and authoritative DNS error indications. This document obsoletes RFC 2535 and incorporates changes from all updates to RFC 2535. [STANDARDS-TRACK]},
  address      = {Fremont, CA, USA},
  doi          = {10.17487/RFC4035},
  institution  = {RFC Editor},
  issn         = {2070-1721},
  key          = {RFC 4035},
  keywords     = {domain name system, authentication, origin integrity, dnssec, domain name system security extensions},
  label        = {RFC\,4035},
  number       = {4035},
  organization = {RFC Editor},
  pages        = {1--53},
  publisher    = {RFC Editor},
  series       = {Internet Request for Comments},
  type         = {RFC},
  url          = {https://www.rfc-editor.org/rfc/rfc4035.txt},
}

@Misc{rfc5084,
  author       = {R. Housley},
  title        = {{Using AES-CCM and AES-GCM Authenticated Encryption in the Cryptographic Message Syntax (CMS)}},
  howpublished = {RFC 5084 (Proposed Standard)},
  month        = nov,
  year         = {2007},
  abstract     = {This document specifies the conventions for using the AES-CCM and the AES-GCM authenticated encryption algorithms with the Cryptographic Message Syntax (CMS) authenticated-enveloped-data content type. [STANDARDS-TRACK]},
  address      = {Fremont, CA, USA},
  doi          = {10.17487/RFC5084},
  institution  = {RFC Editor},
  issn         = {2070-1721},
  key          = {RFC 5084},
  keywords     = {authenticated encryption algorithm},
  label        = {RFC\,5084},
  number       = {5084},
  organization = {RFC Editor},
  pages        = {1--11},
  publisher    = {RFC Editor},
  series       = {Internet Request for Comments},
  type         = {RFC},
  url          = {https://www.rfc-editor.org/rfc/rfc5084.txt},
}

@misc{rfc8017,
  author="K. {Moriarty (Ed.)} and B. Kaliski and J. Jonsson and A. Rusch",
  title="{PKCS \#1: RSA Cryptography Specifications Version 2.2}",
  howpublished="RFC 8017 (Informational)",
  series="Internet Request for Comments",
  type="RFC",
  number="8017",
  year=2016,
  month=nov,
  issn="2070-1721",
  publisher="RFC Editor",
  institution="RFC Editor",
  organization="RFC Editor",
  address="Fremont, CA, USA",
  url="https://www.rfc-editor.org/rfc/rfc8017.txt",
  key="RFC 8017",
  label={RFC\,8017},
  abstract={This document provides recommendations for the implementation of public-key cryptography based on the RSA algorithm, covering cryptographic primitives, encryption schemes, signature schemes with appendix, and ASN.1 syntax for representing keys and for identifying the schemes. This document represents a republication of PKCS \#1 v2.2 from RSA Laboratories' Public-Key Cryptography Standards (PKCS) series. By publishing this RFC, change control is transferred to the IETF. This document also obsoletes RFC 3447.},
  keywords="RSA public-key cryptosystem, RSA signature scheme, RSA public key, RSA private key, PKCS \#1 v1.5, RSA-OAEP, RSA-PSS, Optimal Asymmetric Encryption Padding, Probabilistic Signature Scheme",
  doi="10.17487/RFC8017",
  }


@Misc{rfc8422,
  author={Y. Nir and S. Josefsson and M. Pegourie-Gonnard},
  title="{Elliptic Curve Cryptography (ECC) Cipher Suites for Transport Layer Security (TLS) Versions 1.2 and Earlier}",
  howpublished="RFC 8422 (Proposed Standard)",
  series={Internet Request for Comments},
  type={RFC},
  number={8422},
  year=2018,
  month=aug,
  issn={2070-1721},
  publisher={RFC Editor},
  institution={RFC Editor},
  organization={RFC Editor},
  address={Fremont, CA, USA},
  url={https://www.rfc-editor.org/rfc/rfc8422.txt},
  key={RFC 8422},
  label        = {RFC\,8422},
  abstract={This document describes key exchange algorithms based on Elliptic Curve Cryptography (ECC) for the Transport Layer Security (TLS) protocol. In particular, it specifies the use of Ephemeral Elliptic Curve Diffie-Hellman (ECDHE) key agreement in a TLS handshake and the use of the Elliptic Curve Digital Signature Algorithm (ECDSA) and Edwards-curve Digital Signature Algorithm (EdDSA) as authentication mechanisms. This document obsoletes RFC 4492.},
  keywords={ECDSA, EdDSA},
  doi={10.17487/RFC8422},
  }

@Comment{jabref-meta: databaseType:bibtex;}
